@article{Reference1,
	Author = {I. Daubechies},
	Title = {Ten Lectures on Wavelets},
	Journal = {CBMS-NSF Regional Conference Series in Applied Mathematics},
	Volume = {61},
	Year = {1992}}

@article{Reference2,
	Author = {C. J. Hawthorn and K. P. Weber and R. E. Scholten},
	Journal = {Review of Scientific Instruments},
	Month = {December},
	Number = {12},
	Numpages = {3},
	Pages = {4477--4479},
	Title = {Littrow Configuration Tunable External Cavity Diode Laser with Fixed Direction Output Beam},
	Volume = {72},
	Year = {2001}}

@article{Reference3,
	Author = {C. J. Hawthorn and K. P. Weber and R. E. Scholten},
	Journal = {Review of Scientific Instruments},
	Month = {December},
	Number = {12},
	Numpages = {3},
	Pages = {4477--4479},
	Title = {Littrow Configuration Tunable External Cavity Diode Laser with Fixed Direction Output Beam},
	Volume = {72},
	Year = {2001}}